<?xml version="1.0" encoding="UTF-8"?>
<record xmlns="http://www.loc.gov/MARC21/slim" xmlns:xsi="http://www.w3.org/2001/XMLSchema-instance" xsi:schemaLocation="http://www.loc.gov/MARC21/slim http://www.loc.gov/standards/marcxml/schema/MARC21slim.xsd">
<leader>00000cam  2200253 a 4500</leader>
<controlfield tag="001">001356825</controlfield>
<controlfield tag="003">NNU</controlfield>
<controlfield tag="005">20080821111503.0</controlfield>
<controlfield tag="008">860804s1955    ua abef  b   f000 0 ara d</controlfield>
<datafield tag="035" ind1=" " ind2=" ">
<subfield code="a">(CStRLIN)NYUG86-B27147</subfield>
</datafield>
<datafield tag="035" ind1=" " ind2=" ">
<subfield code="a">GLIS004776670</subfield>
</datafield>
<datafield tag="035" ind1=" " ind2=" ">
<subfield code="a">(NYU)NYUb11763226</subfield>
</datafield>
<datafield tag="035" ind1="9" ind2=" ">
<subfield code="a">NYUb11763226</subfield>
</datafield>
<datafield tag="040" ind1=" " ind2=" ">
<subfield code="a">NNU</subfield>
<subfield code="c">NNU</subfield>
</datafield>
<datafield tag="041" ind1="1" ind2=" ">
<subfield code="a">ara</subfield>
<subfield code="a">eng</subfield>
<subfield code="a">fre</subfield>
</datafield>
<datafield tag="043" ind1=" " ind2=" ">
<subfield code="a">f-ua---</subfield>
</datafield>
<datafield tag="050" ind1=" " ind2="4">
<subfield code="a">DT159.6.N83</subfield>
<subfield code="b">E392 1955</subfield>
</datafield>
<datafield tag="110" ind1="1" ind2=" ">
<subfield code="a">Egypt.</subfield>
<subfield code="b">Maṣlaḥat al-Āthār.</subfield>
</datafield>
<datafield tag="245" ind1="1" ind2="0">
<subfield code="a">Taqrīr ʻan āthār bilād al-Nawbah al-muḥaddadah bi-al-gharq li-munāsabat mashrūʻ al-Sadd al-ʻĀlī = Report on the monuments of Nubia likely to be submerged by Sudd-el-ʻĀlī water /</subfield>
<subfield code="c">Maṣlaḥat al-Āthār = Antiquities department.</subfield>
</datafield>
<datafield tag="246" ind1="3" ind2="5">
<subfield code="a">Report on the monuments of Nubia likely to be submerged by Sudd-el-ʻĀlī water</subfield>
</datafield>
<datafield tag="246" ind1="3" ind2="8">
<subfield code="a">Les temples immergés de la Nubie</subfield>
</datafield>
<datafield tag="260" ind1=" " ind2=" ">
<subfield code="a">al-Qāhirah :</subfield>
<subfield code="b">Wizārat al-Tarbīyah wa-al-Taʻlīm, Maṣlaḥat al-Āthār al-Miṣrīyah,</subfield>
<subfield code="c">1955.</subfield>
</datafield>
<datafield tag="300" ind1=" " ind2=" ">
<subfield code="a">1 v. (various pagination), [34] leaves of plates :</subfield>
<subfield code="b">ill. (some fold.), maps, plans ;</subfield>
<subfield code="c">35 cm.</subfield>
</datafield>
<datafield tag="500" ind1=" " ind2=" ">
<subfield code="a">Title on added t.p.: Report on the monuments of Nubia likely to be submerged by Sudd-el-ʻĀlī water.</subfield>
</datafield>
<datafield tag="500" ind1=" " ind2=" ">
<subfield code="a">Spine title: Les temples immergés de la Nubie</subfield>
</datafield>
<datafield tag="500" ind1=" " ind2=" ">
<subfield code="a">At head of added t.p.: Ministry of Education, Egypt. Antiquities department.</subfield>
</datafield>
<datafield tag="504" ind1=" " ind2=" ">
<subfield code="a">Includes bibliographical references.</subfield>
</datafield>
<datafield tag="546" ind1=" " ind2=" ">
<subfield code="a">Text in Arabic, English, and French.</subfield>
</datafield>
<datafield tag="651" ind1=" " ind2="0">
<subfield code="a">Nubia</subfield>
<subfield code="x">Antiquities.</subfield>
</datafield>
<datafield tag="650" ind1=" " ind2="0">
<subfield code="a">Monuments</subfield>
<subfield code="x">Conservation and restoration.</subfield>
</datafield>
<datafield tag="710" ind1="1" ind2=" ">
<subfield code="a">Egypt.</subfield>
<subfield code="b">Wizārat al-Tarbiyah wa-al-Taʻlīm.</subfield>
</datafield>
<datafield tag="OWN" ind1=" " ind2=" ">
<subfield code="a">GENERAL</subfield>
</datafield>
<datafield tag="AVA" ind1=" " ind2=" ">
<subfield code="a">NYU50</subfield>
<subfield code="b">BOBST</subfield>
<subfield code="c">Main Collection</subfield>
<subfield code="d">DT135.N8 A54 1955 Oversize</subfield>
<subfield code="e">unavailable</subfield>
<subfield code="t">Unavailable</subfield>
<subfield code="f">1</subfield>
<subfield code="g">1</subfield>
<subfield code="h">N</subfield>
<subfield code="i">0</subfield>
<subfield code="j">MAIN</subfield>
<subfield code="k">0</subfield>
</datafield>
<datafield tag="AVA" ind1=" " ind2=" ">
<subfield code="a">NYU50</subfield>
<subfield code="b">NISAW</subfield>
<subfield code="c">Oversize Collection</subfield>
<subfield code="d">DT159.6.N83 E392 1955</subfield>
<subfield code="e">available</subfield>
<subfield code="t">Available</subfield>
<subfield code="f">1</subfield>
<subfield code="g">0</subfield>
<subfield code="h">N</subfield>
<subfield code="i">0</subfield>
<subfield code="j">OVERZ</subfield>
<subfield code="k">0</subfield>
</datafield>
</record>
